@article{Kniehl:2025ttz,
    author = "Kniehl, B. A. and Moch, S. and Velizhanin, V. N. and Vogt, A.",
    title = "{Flavor Nonsinglet Splitting Functions at Four Loops in QCD: Fermionic Contributions}",
    eprint = "2505.09381",
    archivePrefix = "arXiv",
    primaryClass = "hep-ph",
    reportNumber = "DESY 25-067, LTH 1399",
    doi = "10.1103/hkg5-88hr",
    journal = "Phys. Rev. Lett.",
    volume = "135",
    number = "7",
    pages = "071902",
    year = "2025"
}

@article{Ablinger:2025awb,
    author = {Ablinger, J. and Behring, A. and Bl{\"u}mlein, J. and De Freitas, A. and von Manteuffel, A. and Schneider, C. and Sch{\"o}nwald, K.},
    title = "{The three-loop single-mass heavy-flavor corrections to the structure functions $F_2(x,Q^2)$ and $g_1(x,Q^2)$}",
    eprint = "2509.16124",
    archivePrefix = "arXiv",
    primaryClass = "hep-ph",
    reportNumber = "DESY 25-127, ZU-TH 59/25, MPP-2025-182, RISC Report Series 25--08",
    month = "9",
    year = "2025"
}

@article{Cooper-Sarkar:2025sqw,
    author = "Cooper-Sarkar, Amanda M. and Cridge, Thomas and Hobbs, T. J. and Huston, Joey and Nadolsky, Pavel and Ponce-Chavez, Maximiliano and Xie, Keping",
    title = "{QED-enhanced PDF implications for the Higgs sector}",
    eprint = "2508.06603",
    archivePrefix = "arXiv",
    primaryClass = "hep-ph",
    reportNumber = "ANL-198026, MSUHEP-25-017",
    month = "8",
    year = "2025"
}

@article{Dreyer:2020xaj,
    author = "Dreyer, Fr{\'e}d{\'e}ric A. and Karlberg, Alexander and Lang, Jean-Nicolas and Pellen, Mathieu",
    title = "{Precise predictions for double-Higgs production via vector-boson fusion}",
    eprint = "2005.13341",
    archivePrefix = "arXiv",
    primaryClass = "hep-ph",
    doi = "10.1140/epjc/s10052-020-08610-7",
    journal = "Eur. Phys. J. C",
    volume = "80",
    number = "11",
    pages = "1037",
    year = "2020"
}

@article{Dreyer:2020urf,
    author = "Dreyer, Fr{\'e}d{\'e}ric A. and Karlberg, Alexander and Tancredi, Lorenzo",
    title = "{On the impact of non-factorisable corrections in VBF single and double Higgs production}",
    eprint = "2005.11334",
    archivePrefix = "arXiv",
    primaryClass = "hep-ph",
    reportNumber = "OUTP-20-02P",
    doi = "10.1007/JHEP10(2020)131",
    journal = "JHEP",
    volume = "10",
    pages = "131",
    year = "2020",
    note = "[Erratum: JHEP 04, 009 (2022)]"
}

@article{vanBeekveld:2025lpz,
    author = "van Beekveld, Melissa and Ferrario Ravasio, Silvia and Helliwell, Jack and Karlberg, Alexander and Salam, Gavin P. and Scyboz, Ludovic and Soto-Ontoso, Alba and Soyez, Gregory and Zanoli, Silvia",
    title = "{Logarithmically-accurate and positive-definite NLO shower matching}",
    eprint = "2504.05377",
    archivePrefix = "arXiv",
    primaryClass = "hep-ph",
    reportNumber = "CERN-TH-2025-004, OUTP-25-01P, Nikhef 2025-003",
    month = "4",
    year = "2025"
}

@article{Harris:2020xlr,
    author = "Harris, Charles R. and others",
    title = "{Array programming with NumPy}",
    eprint = "2006.10256",
    archivePrefix = "arXiv",
    primaryClass = "cs.MS",
    doi = "10.1038/s41586-020-2649-2",
    journal = "Nature",
    volume = "585",
    number = "7825",
    pages = "357--362",
    year = "2020"
}

@article{Cieri:2018sfk,
    author = "Cieri, Leandro and Ferrera, Giancarlo and Sborlini, German F. R.",
    title = "{Combining QED and QCD transverse-momentum resummation for Z boson production at hadron colliders}",
    eprint = "1805.11948",
    archivePrefix = "arXiv",
    primaryClass = "hep-ph",
    reportNumber = "TIF-UNIMI-2018-4",
    doi = "10.1007/JHEP08(2018)165",
    journal = "JHEP",
    volume = "08",
    pages = "165",
    year = "2018"
}

@article{PDF4LHCWorkingGroup:2022cjn,
    author = "Ball, Richard D. and others",
    collaboration = "PDF4LHC Working Group",
    title = "{The PDF4LHC21 combination of global PDF fits for the LHC Run III}",
    eprint = "2203.05506",
    archivePrefix = "arXiv",
    primaryClass = "hep-ph",
    reportNumber = "Edinburgh 2021/31, FERMILAB-PUB-22-121-QIS-SCD-T, MSUHEP-22-010,
  Nikhef 2021-033, SMU-HEP-22-01",
    doi = "10.1088/1361-6471/ac7216",
    journal = "J. Phys. G",
    volume = "49",
    number = "8",
    pages = "080501",
    year = "2022"
}

@article{Lai:2010vv,
    author = "Lai, Hung-Liang and Guzzi, Marco and Huston, Joey and Li, Zhao and Nadolsky, Pavel M. and Pumplin, Jon and Yuan, C. -P.",
    title = "{New parton distributions for collider physics}",
    eprint = "1007.2241",
    archivePrefix = "arXiv",
    primaryClass = "hep-ph",
    reportNumber = "MSUHEP-100707, SMU-HEP-10-10",
    doi = "10.1103/PhysRevD.82.074024",
    journal = "Phys. Rev. D",
    volume = "82",
    pages = "074024",
    year = "2010"
}

@article{Dasgupta:2014yra,
    author = "Dasgupta, Mrinal and Dreyer, Fr{\'e}d{\'e}ric and Salam, Gavin P. and Soyez, Gregory",
    title = "{Small-radius jets to all orders in QCD}",
    eprint = "1411.5182",
    archivePrefix = "arXiv",
    primaryClass = "hep-ph",
    reportNumber = "CERN-PH-TH-2014-222",
    doi = "10.1007/JHEP04(2015)039",
    journal = "JHEP",
    volume = "04",
    pages = "039",
    year = "2015"
}

@article{Bizon:2017rah,
    author = "Bizon, Wojciech and Monni, Pier Francesco and Re, Emanuele and Rottoli, Luca and Torrielli, Paolo",
    title = "{Momentum-space resummation for transverse observables and the Higgs p$_{\perp}$ at N$^{3}$LL+NNLO}",
    eprint = "1705.09127",
    archivePrefix = "arXiv",
    primaryClass = "hep-ph",
    reportNumber = "OUTP-17-05P, CERN-TH-2017-111, LAPTH-018-17",
    doi = "10.1007/JHEP02(2018)108",
    journal = "JHEP",
    volume = "02",
    pages = "108",
    year = "2018"
}

@article{Bargiela:2022dla,
    author = "Bargiela, Piotr and Buccioni, Federico and Caola, Fabrizio and Devoto, Federica and von Manteuffel, Andreas and Tancredi, Lorenzo",
    title = "{Signal-background interference effects in Higgs-mediated diphoton production beyond NLO}",
    eprint = "2212.06287",
    archivePrefix = "arXiv",
    primaryClass = "hep-ph",
    reportNumber = "MSUHEP-22-038, OUTP-22-12P, TUM-HEP-1442/22",
    doi = "10.1140/epjc/s10052-023-11337-w",
    journal = "Eur. Phys. J. C",
    volume = "83",
    number = "2",
    pages = "174",
    year = "2023"
}

@article{Banfi:2010xy,
    author = "Banfi, Andrea and Salam, Gavin P. and Zanderighi, Giulia",
    title = "{Phenomenology of event shapes at hadron colliders}",
    eprint = "1001.4082",
    archivePrefix = "arXiv",
    primaryClass = "hep-ph",
    doi = "10.1007/JHEP06(2010)038",
    journal = "JHEP",
    volume = "06",
    pages = "038",
    year = "2010"
}

@article{Butterworth:2015oua,
    author = "Butterworth, Jon and others",
    title = "{PDF4LHC recommendations for LHC Run II}",
    eprint = "1510.03865",
    archivePrefix = "arXiv",
    primaryClass = "hep-ph",
    reportNumber = "OUTP-15-17P, SMU-HEP-15-12, TIF-UNIMI-2015-14, LCTS-2015-27, CERN-PH-TH-2015-249",
    doi = "10.1088/0954-3899/43/2/023001",
    journal = "J. Phys. G",
    volume = "43",
    pages = "023001",
    year = "2016"
}

@article{Gao:2013xoa,
    author = "Gao, Jun and Guzzi, Marco and Huston, Joey and Lai, Hung-Liang and Li, Zhao and Nadolsky, Pavel and Pumplin, Jon and Stump, Daniel and Yuan, C. -P.",
    title = "{CT10 next-to-next-to-leading order global analysis of QCD}",
    eprint = "1302.6246",
    archivePrefix = "arXiv",
    primaryClass = "hep-ph",
    reportNumber = "SMU-HEP-12-23",
    doi = "10.1103/PhysRevD.89.033009",
    journal = "Phys. Rev. D",
    volume = "89",
    number = "3",
    pages = "033009",
    year = "2014"
}

@article{Banfi:2015pju,
    author = "Banfi, Andrea and Caola, Fabrizio and Dreyer, Fr{\'e}d{\'e}ric A. and Monni, Pier F. and Salam, Gavin P. and Zanderighi, Giulia and Dulat, Falko",
    title = "{Jet-vetoed Higgs cross section in gluon fusion at N$^{3}$LO+NNLL with small-$R$ resummation}",
    eprint = "1511.02886",
    archivePrefix = "arXiv",
    primaryClass = "hep-ph",
    reportNumber = "CERN-PH-TH-2015-261, OUTP-15-29P",
    doi = "10.1007/JHEP04(2016)049",
    journal = "JHEP",
    volume = "04",
    pages = "049",
    year = "2016"
}

@article{Buonocore:2024xmy,
    author = "Buonocore, Luca and Rottoli, Luca and Torrielli, Paolo",
    title = "{Resummation of combined QCD-electroweak effects in Drell Yan lepton-pair production}",
    eprint = "2404.15112",
    archivePrefix = "arXiv",
    primaryClass = "hep-ph",
    reportNumber = "ZU-TH 21/24, CERN-TH-2024-045",
    doi = "10.1007/JHEP07(2024)193",
    journal = "JHEP",
    volume = "07",
    pages = "193",
    year = "2024"
}

@article{Asteriadis:2019dte,
    author = {Asteriadis, Konstantin and Caola, Fabrizio and Melnikov, Kirill and R{\"o}ntsch, Raoul},
    title = "{Analytic results for deep-inelastic scattering at NNLO QCD with the nested soft-collinear subtraction scheme}",
    eprint = "1910.13761",
    archivePrefix = "arXiv",
    primaryClass = "hep-ph",
    reportNumber = "OUTP-19-12P, CERN-TH-2019-180, TTP19-035, P3H-19-040",
    doi = "10.1140/epjc/s10052-019-7567-9",
    journal = "Eur. Phys. J. C",
    volume = "80",
    number = "1",
    pages = "8",
    year = "2020"
}

@article{Caola:2019nzf,
    author = {Caola, Fabrizio and Melnikov, Kirill and R{\"o}ntsch, Raoul},
    title = "{Analytic results for color-singlet production at NNLO QCD with the nested soft-collinear subtraction scheme}",
    eprint = "1902.02081",
    archivePrefix = "arXiv",
    primaryClass = "hep-ph",
    reportNumber = "OUTP-19-03P, CERN-TH-2019-011, TTP19-007, P3H-19-003",
    doi = "10.1140/epjc/s10052-019-6880-7",
    journal = "Eur. Phys. J. C",
    volume = "79",
    number = "5",
    pages = "386",
    year = "2019"
}

@article{Buonocore:2024pdv,
    author = "Buonocore, Luca and Limatola, Giovanni and Nason, Paolo and Tramontano, Francesco",
    title = "{An event generator for Lepton-Hadron deep inelastic scattering at NLO+PS with POWHEG including mass effects}",
    eprint = "2406.05115",
    archivePrefix = "arXiv",
    primaryClass = "hep-ph",
    reportNumber = "CERN-TH-2024-070",
    doi = "10.1007/JHEP08(2024)083",
    journal = "JHEP",
    volume = "08",
    pages = "083",
    year = "2024"
}

@article{Monni:2016ktx,
    author = "Monni, Pier Francesco and Re, Emanuele and Torrielli, Paolo",
    title = "{Higgs Transverse-Momentum Resummation in Direct Space}",
    eprint = "1604.02191",
    archivePrefix = "arXiv",
    primaryClass = "hep-ph",
    reportNumber = "LAPTH-017-16, OUTP-16-07P",
    doi = "10.1103/PhysRevLett.116.242001",
    journal = "Phys. Rev. Lett.",
    volume = "116",
    number = "24",
    pages = "242001",
    year = "2016"
}

@article{Monni:2019whf,
    author = "Monni, Pier Francesco and Nason, Paolo and Re, Emanuele and Wiesemann, Marius and Zanderighi, Giulia",
    title = "{MiNNLO$_{PS}$: a new method to match NNLO QCD to parton showers}",
    eprint = "1908.06987",
    archivePrefix = "arXiv",
    primaryClass = "hep-ph",
    reportNumber = "CERN-TH-2019-117, LAPTH-042/19, MPP-2019-177",
    doi = "10.1007/JHEP05(2020)143",
    journal = "JHEP",
    volume = "05",
    pages = "143",
    year = "2020",
    note = "[Erratum: JHEP 02, 031 (2022)]"
}

@article{vanBeekveld:2023ivn,
    author = "van Beekveld, Melissa and others",
    title = "{Introduction to the PanScales framework, version 0.1}",
    eprint = "2312.13275",
    archivePrefix = "arXiv",
    primaryClass = "hep-ph",
    reportNumber = "CERN-TH-2023-238, Nikhef 2023-026, OUTP-23-16P",
    doi = "10.21468/SciPostPhysCodeb.31",
    journal = "SciPost Phys. Codeb.",
    volume = "2024",
    pages = "31",
    year = "2024"
}

@article{Candido:2022tld,
    author = "Candido, Alessandro and Hekhorn, Felix and Magni, Giacomo",
    title = "{EKO: evolution kernel operators}",
    eprint = "2202.02338",
    archivePrefix = "arXiv",
    primaryClass = "hep-ph",
    reportNumber = "TIF-UNIMI-2022-2, Nikhef-2022-003",
    doi = "10.1140/epjc/s10052-022-10878-w",
    journal = "Eur. Phys. J. C",
    volume = "82",
    number = "10",
    pages = "976",
    year = "2022"
}

@article{Diehl:2021gvs,
    author = "Diehl, Markus and Nagar, Riccardo and Tackmann, Frank J.",
    title = "{ChiliPDF: Chebyshev interpolation for parton distributions}",
    eprint = "2112.09703",
    archivePrefix = "arXiv",
    primaryClass = "hep-ph",
    reportNumber = "DESY 19-110",
    doi = "10.1140/epjc/s10052-022-10223-1",
    journal = "Eur. Phys. J. C",
    volume = "82",
    number = "3",
    pages = "257",
    year = "2022"
}

@article{AbdulKhalek:2021gbh,
    author = "Abdul Khalek, R. and others",
    title = "{Science Requirements and Detector Concepts for the Electron-Ion Collider}: {EIC Yellow Report}",
    eprint = "2103.05419",
    archivePrefix = "arXiv",
    primaryClass = "physics.ins-det",
    reportNumber = "BNL-220990-2021-FORE, JLAB-PHY-21-3198, LA-UR-21-20953",
    doi = "10.1016/j.nuclphysa.2022.122447",
    journal = "Nucl. Phys. A",
    volume = "1026",
    pages = "122447",
    year = "2022"
}

@article{NNPDF:2021njg,
    author = "Ball, Richard D. and others",
    collaboration = "NNPDF",
    title = "{The path to proton structure at 1{\%} accuracy}",
    eprint = "2109.02653",
    archivePrefix = "arXiv",
    primaryClass = "hep-ph",
    reportNumber = "Edinburgh 2021/12, Nikhef-2021-013, TIF-UNIMI-2021-11",
    doi = "10.1140/epjc/s10052-022-10328-7",
    journal = "Eur. Phys. J. C",
    volume = "82",
    number = "5",
    pages = "428",
    year = "2022"
}

@article{Cridge:2024icl,
    author = "Cridge, Thomas and others",
    title = "{Combination of aN$^3$LO PDFs and implications for Higgs production cross-sections at the LHC}",
    eprint = "2411.05373",
    archivePrefix = "arXiv",
    primaryClass = "hep-ph",
    reportNumber = "DESY-24-134, TIF-UNIMI-2024-17, Edinburgh 2024/9, CERN-TH-2024-167",
    doi = "10.1088/1361-6471/adde78",
    journal = "J. Phys. G",
    volume = "52",
    pages = "6",
    year = "2025"
}

@article{Cooper-Sarkar:2024crx,
    author = "Cooper-Sarkar, A. and Cridge, T. and Giuli, F. and Harland-Lang, L. A. and Hekhorn, F. and Huston, J. and Magni, G. and Moch, S. and Thorne, R. S.",
    title = "{A Benchmarking of QCD Evolution at Approximate $N^3LO$}",
    eprint = "2406.16188",
    archivePrefix = "arXiv",
    primaryClass = "hep-ph",
    reportNumber = "DESY-24-088",
    month = "6",
    year = "2024"
}

@article{Buza:1996wv,
    author = "Buza, M. and Matiounine, Y. and Smith, J. and van Neerven, W. L.",
    title = "{Charm electroproduction viewed in the variable flavor number scheme versus fixed order perturbation theory}",
    eprint = "hep-ph/9612398",
    archivePrefix = "arXiv",
    reportNumber = "NIKHEF-96-027, ITP-SB-96-66, DESY-96-258, INLO-PUB-22-96",
    doi = "10.1007/BF01245820",
    journal = "Eur. Phys. J. C",
    volume = "1",
    pages = "301--320",
    year = "1998"
}

@article{Chetyrkin:1997un,
    author = "Chetyrkin, K. G. and Kniehl, Bernd A. and Steinhauser, M.",
    title = "{Decoupling relations to $O (\alpha_s^3)$ and their connection to low-energy theorems}",
    eprint = "hep-ph/9708255",
    archivePrefix = "arXiv",
    reportNumber = "MPI-PHT-97-041, MPI-PHT-97-41",
    doi = "10.1016/S0550-3213(97)00649-4",
    journal = "Nucl. Phys. B",
    volume = "510",
    pages = "61--87",
    year = "1998"
}

@article{Almasy:2011eq,
    author = "Almasy, A. A. and Moch, S. and Vogt, A.",
    title = "{On the Next-to-Next-to-Leading Order Evolution of Flavour-Singlet Fragmentation Functions}",
    eprint = "1107.2263",
    archivePrefix = "arXiv",
    primaryClass = "hep-ph",
    reportNumber = "LTH-916, DESY-11-108, SFB-CPP-11-33, LPN11-34",
    doi = "10.1016/j.nuclphysb.2011.08.028",
    journal = "Nucl. Phys. B",
    volume = "854",
    pages = "133--152",
    year = "2012"
}

@article{Moch:2007tx,
    author = "Moch, S. and Vogt, A.",
    title = "{On third-order timelike splitting functions and top-mediated Higgs decay into hadrons}",
    eprint = "0709.3899",
    archivePrefix = "arXiv",
    primaryClass = "hep-ph",
    reportNumber = "DESY-07-155, SFB-CPP-07-53, LTH-758",
    doi = "10.1016/j.physletb.2007.10.069",
    journal = "Phys. Lett. B",
    volume = "659",
    pages = "290--296",
    year = "2008"
}

@article{Blumlein:2021ryt,
    author = {Bl{\"u}mlein, J. and Marquard, P. and Schneider, C. and Sch{\"o}nwald, K.},
    title = "{The three-loop polarized singlet anomalous dimensions from off-shell operator matrix elements}",
    eprint = "2111.12401",
    archivePrefix = "arXiv",
    primaryClass = "hep-ph",
    reportNumber = "DESY-21-192, DESY 21--192, DO--TH 21/31, TTP 21--052, RISC Report Series 21--19, SAGEX--21--36, RISC Report Series 21--19,
  SAGEX--21--36",
    doi = "10.1007/JHEP01(2022)193",
    journal = "JHEP",
    volume = "01",
    pages = "193",
    year = "2022"
}

@article{Blumlein:2021enk,
    author = {Bl{\"u}mlein, J. and Marquard, P. and Schneider, C. and Sch{\"o}nwald, K.},
    title = "{The three-loop unpolarized and polarized non-singlet anomalous dimensions from off shell operator matrix elements}",
    eprint = "2107.06267",
    archivePrefix = "arXiv",
    primaryClass = "hep-ph",
    reportNumber = "DESY-21-104, DO{\textendash}TH 21/23, TTP 21{\textendash}024, RISC Report Series 21{\textendash}13, SAGEX{\textendash}21{\textendash}15, DESY 21--104,DO--TH 21/23,TTP 21--024,RISC Report Series
  21--13,SAGEX--21--15",
    doi = "10.1016/j.nuclphysb.2021.115542",
    journal = "Nucl. Phys. B",
    volume = "971",
    pages = "115542",
    year = "2021"
}

@article{Moch:2015usa,
    author = "Moch, S. and Vermaseren, J. A. M. and Vogt, A.",
    title = "{On {\ensuremath{\gamma}}5 in higher-order QCD calculations and the NNLO evolution of the polarized valence distribution}",
    eprint = "1506.04517",
    archivePrefix = "arXiv",
    primaryClass = "hep-ph",
    reportNumber = "DESY-15-061, NIKHEF-15-018, LTH-1042",
    doi = "10.1016/j.physletb.2015.07.027",
    journal = "Phys. Lett. B",
    volume = "748",
    pages = "432--438",
    year = "2015"
}

@article{Moch:2014sna,
    author = "Moch, S. and Vermaseren, J. A. M. and Vogt, A.",
    title = "{The Three-Loop Splitting Functions in QCD: The Helicity-Dependent Case}",
    eprint = "1409.5131",
    archivePrefix = "arXiv",
    primaryClass = "hep-ph",
    reportNumber = "DESY-14-157, NIKHEF-14-033, LTH-1023",
    doi = "10.1016/j.nuclphysb.2014.10.016",
    journal = "Nucl. Phys. B",
    volume = "889",
    pages = "351--400",
    year = "2014"
}


@Article{Karlberg:2024hnl,
	title={{disorder: Deep inelastic scattering at high orders}},
	author={Alexander Karlberg},
	journal={SciPost Phys. Codebases},
	pages={32},
	year={2024},
	publisher={SciPost},
	eprint = "2401.16964",
        archivePrefix = "arXiv",
        primaryClass = "hep-ph",
        reportNumber = "CERN-TH-2023-229",
	doi={10.21468/SciPostPhysCodeb.32},
}

@article{Gehrmann:2023cqm,
    author = "Gehrmann, Thomas and von Manteuffel, Andreas and Sotnikov, Vasily and Yang, Tong-Zhi",
    title = "{Complete $ {N}_f^2 $ contributions to four-loop pure-singlet splitting functions}",
    eprint = "2308.07958",
    archivePrefix = "arXiv",
    primaryClass = "hep-ph",
    reportNumber = "MSUHEP-23-024, ZU-TH 43/23",
    doi = "10.1007/JHEP01(2024)029",
    journal = "JHEP",
    volume = "01",
    pages = "029",
    year = "2024"
}

@article{Gehrmann:2023iah,
    author = "Gehrmann, Thomas and von Manteuffel, Andreas and Sotnikov, Vasily and Yang, Tong-Zhi",
    title = "{The $N_fC_F^3$ contribution to the non-singlet splitting function at four-loop order}",
    eprint = "2310.12240",
    archivePrefix = "arXiv",
    primaryClass = "hep-ph",
    reportNumber = "MSUHEP-23-028, ZU-TH 63/23",
    doi = "10.1016/j.physletb.2023.138427",
    journal = "Phys. Lett. B",
    volume = "849",
    pages = "138427",
    year = "2024"
}

@article{Moch:2023tdj,
    author = "Moch, S. and Ruijl, B. and Ueda, T. and Vermaseren, J. and Vogt, A.",
    title = "{Additional moments and x-space approximations of four-loop splitting functions in QCD}",
    eprint = "2310.05744",
    archivePrefix = "arXiv",
    primaryClass = "hep-ph",
    reportNumber = "DESY-23-150, Nikhef 23-016, LTH 1354",
    doi = "10.1016/j.physletb.2024.138468",
    journal = "Phys. Lett. B",
    volume = "849",
    pages = "138468",
    year = "2024"
}

@article{Fael:2022miw,
    author = {Fael, Matteo and Lange, Fabian and Sch\"onwald, Kay and Steinhauser, Matthias},
    title = "{Singlet and nonsinglet three-loop massive form factors}",
    eprint = "2207.00027",
    archivePrefix = "arXiv",
    primaryClass = "hep-ph",
    reportNumber = "TTP22-042, P3H-22-066",
    doi = "10.1103/PhysRevD.106.034029",
    journal = "Phys. Rev. D",
    volume = "106",
    number = "3",
    pages = "034029",
    year = "2022"
}

@article{Gracey:1994nn,
    author = "Gracey, J. A.",
    title = "{Anomalous dimension of nonsinglet Wilson operators at $O (1 / N_f)$ in deep inelastic scattering}",
    eprint = "hep-ph/9401214",
    archivePrefix = "arXiv",
    reportNumber = "LTH-322",
    doi = "10.1016/0370-2693(94)90502-9",
    journal = "Phys. Lett. B",
    volume = "322",
    pages = "141--146",
    year = "1994"
}

@article{Ablinger:2024xtt,
    author = {Ablinger, J. and Behring, A. and Bl\"umlein, J. and De Freitas, A. and von Manteuffel, A. and Schneider, C. and Sch\"onwald, K.},
    title = "{The non-first-order-factorizable contributions to the three-loop single-mass operator matrix elements $A_{Qg}^{(3)}$ and $\Delta A_{Qg}^{(3)}$}",
    eprint = "2403.00513",
    archivePrefix = "arXiv",
    primaryClass = "hep-ph",
    reportNumber = "ZU-TH-13/24, DO-TH-23/15, RISC Report series 24-02, CERN-TH-2024-30, DESY-24-027",
    doi = "10.1016/j.physletb.2024.138713",
    journal = "Phys. Lett. B",
    volume = "854",
    pages = "138713",
    year = "2024"
}

@article{NNPDF:2024nan,
    author = "Ball, Richard D. and others",
    collaboration = "NNPDF",
    title = "{The path to $\hbox {N}^3\hbox {LO}$ parton distributions}",
    eprint = "2402.18635",
    archivePrefix = "arXiv",
    primaryClass = "hep-ph",
    reportNumber = "Nikhef-2023-020, TIF-UNIMI-2023-23, Edinburgh 2023/29, CERN-TH-2024-033",
    doi = "10.1140/epjc/s10052-024-12891-7",
    journal = "Eur. Phys. J. C",
    volume = "84",
    number = "7",
    pages = "659",
    year = "2024"
}
@article{McGowan:2022nag,
    author = "McGowan, J. and Cridge, T. and Harland-Lang, L. A. and Thorne, R. S.",
    title = "{Approximate N$^{3}$LO parton distribution functions with theoretical uncertainties: MSHT20aN$^3$LO PDFs}",
    eprint = "2207.04739",
    archivePrefix = "arXiv",
    primaryClass = "hep-ph",
    doi = "10.1140/epjc/s10052-023-11236-0",
    journal = "Eur. Phys. J. C",
    volume = "83",
    number = "3",
    pages = "185",
    year = "2023",
    note = "[Erratum: Eur.Phys.J.C 83, 302 (2023)]"
}

@article{Davies:2016jie,
    author = "Davies, J. and Vogt, A. and Ruijl, B. and Ueda, T. and Vermaseren, J. A. M.",
    title = "{Large-nf contributions to the four-loop splitting functions in QCD}",
    eprint = "1610.07477",
    archivePrefix = "arXiv",
    primaryClass = "hep-ph",
    reportNumber = "LTH-1106, NIKHEF-2016-049",
    doi = "10.1016/j.nuclphysb.2016.12.012",
    journal = "Nucl. Phys. B",
    volume = "915",
    pages = "335--362",
    year = "2017"
}

@article{Moch:2017uml,
    author = "Moch, S. and Ruijl, B. and Ueda, T. and Vermaseren, J. A. M. and Vogt, A.",
    title = "{Four-Loop Non-Singlet Splitting Functions in the Planar Limit and Beyond}",
    eprint = "1707.08315",
    archivePrefix = "arXiv",
    primaryClass = "hep-ph",
    reportNumber = "DESY-17-106, NIKHEF-2017-034, LTH-1139",
    doi = "10.1007/JHEP10(2017)041",
    journal = "JHEP",
    volume = "10",
    pages = "041",
    year = "2017"
}

@article{Bierenbaum:2009mv,
    author = "Bierenbaum, Isabella and Bl{\"u}mlein, Johannes and Klein, Sebastian",
    title = "{Mellin Moments of the $O(\alpha_s^3)$ Heavy Flavor Contributions to unpolarized Deep-Inelastic Scattering at $Q^2\gg m^2$ and Anomalous Dimensions}",
    eprint = "0904.3563",
    archivePrefix = "arXiv",
    primaryClass = "hep-ph",
    reportNumber = "DESY-09-057, SFB-CPP-09-033, IFIC-09-16",
    doi = "10.1016/j.nuclphysb.2009.06.005",
    journal = "Nucl. Phys. B",
    volume = "820",
    pages = "417--482",
    year = "2009"
}

@article{Kawamura:2012cr,
    author = "Kawamura, H. and Lo Presti, N. A. and Moch, S. and Vogt, A.",
    title = "{On the next-to-next-to-leading order QCD corrections to heavy-quark production in deep-inelastic scattering}",
    eprint = "1205.5727",
    archivePrefix = "arXiv",
    primaryClass = "hep-ph",
    reportNumber = "KEK-TH-1378, LTH-944, DESY-12-050, LPN-12-048, SFB-CPP-12-21",
    doi = "10.1016/j.nuclphysb.2012.07.001",
    journal = "Nucl. Phys. B",
    volume = "864",
    pages = "399--468",
    year = "2012"
}

@article{ABLINGER2014263,
title = {The transition matrix element $A_{gq}(N)$ of the variable flavor number scheme at $\mathcal{O}(\alpha_s^3)$},
journal = {Nuclear Physics B},
volume = {882},
pages = {263-288},
year = {2014},
issn = {0550-3213},
doi = {https://doi.org/10.1016/j.nuclphysb.2014.02.007},
url = {https://www.sciencedirect.com/science/article/pii/S0550321314000431},
author = {J. Ablinger and J. Blümlein and A. {De Freitas} and A. Hasselhuhn and A. {von Manteuffel} and M. Round and C. Schneider and F. Wi\
ßbrock},
}

@article{Ablinger:2023ahe,
    author = {Ablinger, J. and Behring, A. and Bl\"umlein, J. and De Freitas, A. and von Manteuffel, A. and Schneider, C. and Sch\"onwald, K.},
    title = "{The first\textendash{}order factorizable contributions to the three\textendash{}loop massive operator matrix elements $A_{Qg}^{(3)}$ and $\Delta A_{Qg}^{(3)}$}",
    eprint = "2311.00644",
    archivePrefix = "arXiv",
    primaryClass = "hep-ph",
    reportNumber = "DO-TH 23/12, DESY 23-142, CERN-TH-2023-164, MSUHEP-23-025, RISC Report series 23-12, ZU-TH 60/23",
    doi = "10.1016/j.nuclphysb.2023.116427",
    journal = "Nucl. Phys. B",
    volume = "999",
    pages = "116427",
    year = "2024"
}

@article{Behring:2021asx,
    author = {Behring, A. and Bl\"umlein, J. and De Freitas, A. and von Manteuffel, A. and Sch\"onwald, K. and Schneider, C.},
    title = "{The polarized transition matrix element $A_{gq}(N)$ of the variable flavor number scheme at $O(\alpha^3_s)$}",
    eprint = "2101.05733",
    archivePrefix = "arXiv",
    primaryClass = "hep-ph",
    reportNumber = "DESY 21-003, DESY-21-003, DO-TH 21/01, TTP 21-001, RISC Report Series 21-01, SAGEX-21-01, MSUHEP-21-002",
    doi = "10.1016/j.nuclphysb.2021.115331",
    journal = "Nucl. Phys. B",
    volume = "964",
    pages = "115331",
    year = "2021"
}

@article{Ablinger:2019etw,
    author = {Ablinger, J. and Behring, A. and Bl\"umlein, J. and De Freitas, A. and von Manteuffel, A. and Schneider, C. and Sch\"onwald, K.},
    title = "{The three-loop single mass polarized pure singlet operator matrix element}",
    eprint = "1912.02536",
    archivePrefix = "arXiv",
    primaryClass = "hep-ph",
    reportNumber = "DESY-19-216, DO-TH 19/02, TTP 19-043, MSUHEP-19-026, SAGEX 19-30",
    doi = "10.1016/j.nuclphysb.2020.114945",
    journal = "Nucl. Phys. B",
    volume = "953",
    pages = "114945",
    year = "2020"
}

@article{Behring:2014eya,
    author = {Behring, A. and Bierenbaum, I. and Bl\"umlein, J. and De Freitas, A. and Klein, S. and Wi\ss{}brock, F.},
    title = "{The logarithmic contributions to the $O(\alpha^3_s)$ asymptotic massive Wilson coefficients and operator matrix elements in deeply inelastic scattering}",
    eprint = "1403.6356",
    archivePrefix = "arXiv",
    primaryClass = "hep-ph",
    reportNumber = "DESY-11-144, DO-TH-13-33, SFB-CPP-14-002, LPN-14-002, HIGGSTOOLS-14-003, DESY-11--144, SFB-CPP-14--002, LPN-14--002, HIGGSTOOLS --14--003",
    doi = "10.1140/epjc/s10052-014-3033-x",
    journal = "Eur. Phys. J. C",
    volume = "74",
    number = "9",
    pages = "3033",
    year = "2014"
}

@article{Ablinger:2014vwa,
    author = {Ablinger, J. and Behring, A. and Bl\"umlein, J. and De Freitas, A. and Hasselhuhn, A. and von Manteuffel, A. and Round, M. and Schneider, C. and Wi\ss{}brock, F.},
    title = "{The 3-Loop Non-Singlet Heavy Flavor Contributions and Anomalous Dimensions for the Structure Function $F_2(x,Q^2)$ and Transversity}",
    eprint = "1406.4654",
    archivePrefix = "arXiv",
    primaryClass = "hep-ph",
    reportNumber = "DESY-13--210, DO--TH-13-11, MITP-14-028, SFB-CPP-14-26, LPN-14-074",
    doi = "10.1016/j.nuclphysb.2014.07.010",
    journal = "Nucl. Phys. B",
    volume = "886",
    pages = "733--823",
    year = "2014"
}

@article{Ablinger:2014nga,
    author = {Ablinger, J. and Behring, A. and Bl\"umlein, J. and De Freitas, A. and von Manteuffel, A. and Schneider, C.},
    title = "{The 3-loop pure singlet heavy flavor contributions to the structure function $F_2(x,Q^2)$ and the anomalous dimension}",
    eprint = "1409.1135",
    archivePrefix = "arXiv",
    primaryClass = "hep-ph",
    reportNumber = "DESY-13-232, DO-TH-13-32, SFB-CPP-14-63, MITP-14-057, LPN-14-103",
    doi = "10.1016/j.nuclphysb.2014.10.008",
    journal = "Nucl. Phys. B",
    volume = "890",
    pages = "48--151",
    year = "2014"
}

@article{Blumlein:2012vq,
    author = "Bl{\"u}mlein, Johannes and Hasselhuhn, Alexander and Klein, Sebastian and Schneider, Carsten",
    title = "{The $O(\alpha_s^3 n_f T_F^2 C_{A,F})$ Contributions to the Gluonic Massive Operator Matrix Elements}",
    eprint = "1205.4184",
    archivePrefix = "arXiv",
    primaryClass = "hep-ph",
    reportNumber = "DESY-12-055, DO-TH-12-13, SFB-CPP-12-28, LPN-12-052",
    doi = "10.1016/j.nuclphysb.2012.09.001",
    journal = "Nucl. Phys. B",
    volume = "866",
    pages = "196--211",
    year = "2013"
}

@article{Ablinger:2010ty,
    author = "Ablinger, J. and Bl{\"u}mlein, J. and Klein, S. and Schneider, C. and Wi{\ss}brock, F.",
    title = "{The $O(\alpha_s^3)$ Massive Operator Matrix Elements of $O(n_f)$ for the Structure Function $F_2(x,Q^2)$ and Transversity}",
    eprint = "1008.3347",
    archivePrefix = "arXiv",
    primaryClass = "hep-ph",
    reportNumber = "DESY-10-109, TTK-10-46, SFB-CPP-10-077, DESY-10--109, TTK--10--46, SFB-CPP-10--077",
    doi = "10.1016/j.nuclphysb.2010.10.021",
    journal = "Nucl. Phys. B",
    volume = "844",
    pages = "26--54",
    year = "2011"
}

@article{Falcioni:2024xyt,
    author = "Falcioni, G. and Herzog, F. and Moch, S. and Pelloni, A. and Vogt, A.",
    title = "{Four-loop splitting functions in QCD \textendash{} The quark-to-gluon case}",
    eprint = "2404.09701",
    archivePrefix = "arXiv",
    primaryClass = "hep-ph",
    reportNumber = "ZU-TH 20/24, DESY-24-053, LTH 1367",
    doi = "10.1016/j.physletb.2024.138906",
    journal = "Phys. Lett. B",
    volume = "856",
    pages = "138906",
    year = "2024"
}

@article{Falcioni:2024qpd,
    author = "Falcioni, G. and Herzog, F. and Moch, S. and Pelloni, A. and Vogt, A.",
    title = "{Four-loop splitting functions in QCD \textendash{} the gluon-gluon case \textendash{}}",
    eprint = "2410.08089",
    archivePrefix = "arXiv",
    primaryClass = "hep-ph",
    reportNumber = "ZU-TH 47/24, DESY-24-144, LTH 1384",
    doi = "10.1016/j.physletb.2024.139194",
    journal = "Phys. Lett. B",
    volume = "860",
    pages = "139194",
    year = "2025"
}


@article{Bertone:2024dpm,
    author = "Bertone, Valerio and Karlberg, Alexander",
    title = "{Benchmark of deep-inelastic-scattering structure functions at~$\mathcal {O}\left( \alpha _s ^3\right) $}",
    eprint = "2404.15711",
    archivePrefix = "arXiv",
    primaryClass = "hep-ph",
    reportNumber = "CERN-TH-2024-018",
    doi = "10.1140/epjc/s10052-024-13133-6",
    journal = "Eur. Phys. J. C",
    volume = "84",
    number = "8",
    pages = "774",
    year = "2024"
}

@article{Salam:2008qg,
    author = "Salam, Gavin P. and Rojo, Juan",
    title = "{A Higher Order Perturbative Parton Evolution Toolkit (HOPPET)}",
    eprint = "0804.3755",
    archivePrefix = "arXiv",
    primaryClass = "hep-ph",
    doi = "10.1016/j.cpc.2008.08.010",
    journal = "Comput. Phys. Commun.",
    volume = "180",
    pages = "120--156",
    year = "2009"
}

@article{Falcioni:2023tzp,
    author = "Falcioni, G. and Herzog, F. and Moch, S. and Vermaseren, J. and Vogt, A.",
    title = "{The double fermionic contribution to the four-loop quark-to-gluon splitting function}",
    eprint = "2310.01245",
    archivePrefix = "arXiv",
    primaryClass = "hep-ph",
    reportNumber = "ZU-TH 62/23, DESY 23-146, Nikhef 2023-015, LTH 1353",
    doi = "10.1016/j.physletb.2023.138351",
    journal = "Phys. Lett. B",
    volume = "848",
    pages = "138351",
    year = "2024"
}

@article{Blumlein:2022gpp,
    author = {Bl\"umlein, J. and Marquard, P. and Schneider, C. and Sch\"onwald, K.},
    title = "{The massless three-loop Wilson coefficients for the deep-inelastic structure functions F$_{2}$, F$_{L}$, xF$_{3}$ and g$_{1}$}",
    eprint = "2208.14325",
    archivePrefix = "arXiv",
    primaryClass = "hep-ph",
    reportNumber = "DESY 22-123, DO-TH 22/20, TTP 22-057, RISC Report Series 22-12, SAGEX-22-30, RISC Report Series 22-12,
  SAGEX-22-30",
    doi = "10.1007/JHEP11(2022)156",
    journal = "JHEP",
    volume = "11",
    pages = "156",
    year = "2022"
}

@article{Falcioni:2023vqq,
    author = "Falcioni, G. and Herzog, F. and Moch, S. and Vogt, A.",
    title = "{Four-loop splitting functions in QCD \textendash{} The gluon-to-quark case}",
    eprint = "2307.04158",
    archivePrefix = "arXiv",
    primaryClass = "hep-ph",
    reportNumber = "DESY 23-096, LTH 1345",
    doi = "10.1016/j.physletb.2023.138215",
    journal = "Phys. Lett. B",
    volume = "846",
    pages = "138215",
    year = "2023"
}

@article{Falcioni:2023luc,
    author = "Falcioni, G. and Herzog, F. and Moch, S. and Vogt, A.",
    title = "{Four-loop splitting functions in QCD \textendash{} The quark-quark case}",
    eprint = "2302.07593",
    archivePrefix = "arXiv",
    primaryClass = "hep-ph",
    reportNumber = "DESY 23--022, LTH 1333",
    doi = "10.1016/j.physletb.2023.137944",
    journal = "Phys. Lett. B",
    volume = "842",
    pages = "137944",
    year = "2023"
}

@article{Moch:2021qrk,
    author = "Moch, S. and Ruijl, B. and Ueda, T. and Vermaseren, J. A. M. and Vogt, A.",
    title = "{Low moments of the four-loop splitting functions in QCD}",
    eprint = "2111.15561",
    archivePrefix = "arXiv",
    primaryClass = "hep-ph",
    reportNumber = "DESY 21-203, NIKHEF 21-030, LTH 1282",
    doi = "10.1016/j.physletb.2021.136853",
    journal = "Phys. Lett. B",
    volume = "825",
    pages = "136853",
    year = "2022"
}

@article{Moch:2008fj,
    author = "Moch, S. and Vermaseren, J. A. M. and Vogt, A.",
    title = "{Third-order QCD corrections to the charged-current structure function F(3)}",
    eprint = "0812.4168",
    archivePrefix = "arXiv",
    primaryClass = "hep-ph",
    reportNumber = "DESY-08-197, SFB-CPP-08-105, NIKHEF-08-032, LTH-815",
    doi = "10.1016/j.nuclphysb.2009.01.001",
    journal = "Nucl. Phys. B",
    volume = "813",
    pages = "220--258",
    year = "2009"
}

@article{Moch:2004xu,
    author = "Moch, S. and Vermaseren, J. A. M. and Vogt, A.",
    title = "{The Longitudinal structure function at the third order}",
    eprint = "hep-ph/0411112",
    archivePrefix = "arXiv",
    reportNumber = "SFB-CPP-04-65, DCPT-04-130, IPPP-04-65, NIKHEF-04-013, DESY-04-210",
    doi = "10.1016/j.physletb.2004.11.063",
    journal = "Phys. Lett. B",
    volume = "606",
    pages = "123--129",
    year = "2005"
}

@article{Davies:2016ruz,
    author = "Davies, J. and Vogt, A. and Moch, S. and Vermaseren, J. A. M.",
    title = "{Non-singlet coefficient functions for charged-current deep-inelastic scattering to the third order in QCD}",
    eprint = "1606.08907",
    archivePrefix = "arXiv",
    primaryClass = "hep-ph",
    reportNumber = "LTH-1089, DESY-16-110, NIKHEF-2016-030",
    doi = "10.22323/1.265.0059",
    journal = "PoS",
    volume = "DIS2016",
    pages = "059",
    year = "2016"
}

@article{Vermaseren:2005qc,
    author = "Vermaseren, J. A. M. and Vogt, A. and Moch, S.",
    title = "{The Third-order QCD corrections to deep-inelastic scattering by photon exchange}",
    eprint = "hep-ph/0504242",
    archivePrefix = "arXiv",
    reportNumber = "NIKHEF-05-006, DCPT-05-28, IPPP-05-14, DESY-05-063, SFB-CPP-05-13",
    doi = "10.1016/j.nuclphysb.2005.06.020",
    journal = "Nucl. Phys. B",
    volume = "724",
    pages = "3--182",
    year = "2005"
}

@article{Dreyer:2018rfu,
    author = "Dreyer, Fr\'ed\'eric A. and Karlberg, Alexander",
    title = "{Fully differential Vector-Boson Fusion Higgs Pair Production at Next-to-Next-to-Leading Order}",
    eprint = "1811.07918",
    archivePrefix = "arXiv",
    primaryClass = "hep-ph",
    doi = "10.1103/PhysRevD.99.074028",
    journal = "Phys. Rev. D",
    volume = "99",
    number = "7",
    pages = "074028",
    year = "2019"
}

@article{Dreyer:2018qbw,
    author = "Dreyer, Fr\'ed\'eric A. and Karlberg, Alexander",
    title = "{Vector-Boson Fusion Higgs Pair Production at N$^3$LO}",
    eprint = "1811.07906",
    archivePrefix = "arXiv",
    primaryClass = "hep-ph",
    reportNumber = "OUTP-18-09P, ZU-TH 38/18",
    doi = "10.1103/PhysRevD.98.114016",
    journal = "Phys. Rev. D",
    volume = "98",
    number = "11",
    pages = "114016",
    year = "2018"
}

@article{Dreyer:2016oyx,
    author = "Dreyer, Fr\'ed\'eric A. and Karlberg, Alexander",
    title = "{Vector-Boson Fusion Higgs Production at Three Loops in QCD}",
    eprint = "1606.00840",
    archivePrefix = "arXiv",
    primaryClass = "hep-ph",
    reportNumber = "CERN-TH-2016-127, OUTP-16-12P",
    doi = "10.1103/PhysRevLett.117.072001",
    journal = "Phys. Rev. Lett.",
    volume = "117",
    number = "7",
    pages = "072001",
    year = "2016"
}

@article{Cacciari:2015jma,
    author = "Cacciari, Matteo and Dreyer, Fr\'ed\'eric A. and Karlberg, Alexander and Salam, Gavin P. and Zanderighi, Giulia",
    title = "{Fully Differential Vector-Boson-Fusion Higgs Production at Next-to-Next-to-Leading Order}",
    eprint = "1506.02660",
    archivePrefix = "arXiv",
    primaryClass = "hep-ph",
    reportNumber = "CERN-PH-TH-2015-127, OUTP-15-12P",
    doi = "10.1103/PhysRevLett.115.082002",
    journal = "Phys. Rev. Lett.",
    volume = "115",
    number = "8",
    pages = "082002",
    year = "2015",
    note = "[Erratum: Phys.Rev.Lett. 120, 139901 (2018)]"
}

@article{Nason:1989zy,
    author = "Nason, P. and Dawson, S. and Ellis, R. Keith",
    title = "{The One Particle Inclusive Differential Cross-Section for Heavy Quark Production in Hadronic Collisions}",
    reportNumber = "ETH-PT-89-2, FERMILAB-PUB-89-091-T, BNL-42398",
    doi = "10.1016/0550-3213(89)90286-1",
    journal = "Nucl. Phys. B",
    volume = "327",
    pages = "49--92",
    year = "1989",
    note = "[Erratum: Nucl.Phys.B 335, 260--260 (1990)]"
}

@article{Frixione:2023gmf,
    author = "Frixione, Stefano and Stagnitto, Giovanni",
    title = "{The muon parton distribution functions}",
    eprint = "2309.07516",
    archivePrefix = "arXiv",
    primaryClass = "hep-ph",
    month = "9",
    year = "2023"
}

@article{ParticleDataGroup:2022pth,
    author = "Workman, R. L. and others",
    collaboration = "Particle Data Group",
    title = "{Review of Particle Physics}",
    doi = "10.1093/ptep/ptac097",
    journal = "PTEP",
    volume = "2022",
    pages = "083C01",
    year = "2022"
}

@article{deFlorian:2016gvk,
    author = "de Florian, Daniel and Sborlini, Germ\'an F. R. and Rodrigo, Germ\'an",
    title = "{Two-loop QED corrections to the Altarelli-Parisi splitting functions}",
    eprint = "1606.02887",
    archivePrefix = "arXiv",
    primaryClass = "hep-ph",
    reportNumber = "ICAS-09-16, IFIC-15-88",
    doi = "10.1007/JHEP10(2016)056",
    journal = "JHEP",
    volume = "10",
    pages = "056",
    year = "2016"
}

@article{deFlorian:2015ujt,
    author = "de Florian, Daniel and Sborlini, Germ\'an F. R. and Rodrigo, Germ\'an",
    title = "{QED corrections to the Altarelli\textendash{}Parisi splitting functions}",
    eprint = "1512.00612",
    archivePrefix = "arXiv",
    primaryClass = "hep-ph",
    reportNumber = "ICAS-03-15, IFIC-15-81",
    doi = "10.1140/epjc/s10052-016-4131-8",
    journal = "Eur. Phys. J. C",
    volume = "76",
    number = "5",
    pages = "282",
    year = "2016"
}

@article{Sborlini:2014kla,
    author = "Sborlini, Germ\'an F. R. and de Florian, Daniel and Rodrigo, Germ\'an",
    title = "{Polarized triple-collinear splitting functions at NLO for processes with photons}",
    eprint = "1409.6137",
    archivePrefix = "arXiv",
    primaryClass = "hep-ph",
    reportNumber = "LPN14-100, IFIC-14-55, LPN-14-100",
    doi = "10.1007/JHEP03(2015)021",
    journal = "JHEP",
    volume = "03",
    pages = "021",
    year = "2015"
}

@article{Sborlini:2014mpa,
    author = "Sborlini, German F. R. and de Florian, Daniel and Rodrigo, German",
    title = "{Triple collinear splitting functions at NLO for scattering processes with photons}",
    eprint = "1408.4821",
    archivePrefix = "arXiv",
    primaryClass = "hep-ph",
    reportNumber = "LPN-14-099, IFIC-14-54",
    doi = "10.1007/JHEP10(2014)161",
    journal = "JHEP",
    volume = "10",
    pages = "161",
    year = "2014"
}

@article{Sborlini:2013jba,
    author = "Sborlini, Germ\'an F. R. and de Florian, Daniel and Rodrigo, Germ\'an",
    title = "{Double collinear splitting amplitudes at next-to-leading order}",
    eprint = "1310.6841",
    archivePrefix = "arXiv",
    primaryClass = "hep-ph",
    reportNumber = "LPN-13-069, IFIC-13-73",
    doi = "10.1007/JHEP01(2014)018",
    journal = "JHEP",
    volume = "01",
    pages = "018",
    year = "2014"
}

@article{Buonocore:2021bsf,
    author = "Buonocore, Luca and Nason, Paolo and Tramontano, Francesco and Zanderighi, Giulia",
    title = "{Photon and leptons induced processes at the LHC}",
    eprint = "2109.10924",
    archivePrefix = "arXiv",
    primaryClass = "hep-ph",
    reportNumber = "ZU-TH 44/21, MPP-2021-166",
    doi = "10.1007/JHEP12(2021)073",
    journal = "JHEP",
    volume = "12",
    pages = "073",
    year = "2021"
}

@article{Buonocore:2020nai,
    author = "Buonocore, Luca and Nason, Paolo and Tramontano, Francesco and Zanderighi, Giulia",
    title = "{Leptons in the proton}",
    eprint = "2005.06477",
    archivePrefix = "arXiv",
    primaryClass = "hep-ph",
    doi = "10.1007/JHEP08(2020)019",
    journal = "JHEP",
    volume = "08",
    number = "08",
    pages = "019",
    year = "2020"
}

@article{Manohar:2017eqh,
    author = "Manohar, Aneesh V. and Nason, Paolo and Salam, Gavin P. and Zanderighi, Giulia",
    title = "{The Photon Content of the Proton}",
    eprint = "1708.01256",
    archivePrefix = "arXiv",
    primaryClass = "hep-ph",
    reportNumber = "CERN-TH-2017-141",
    doi = "10.1007/JHEP12(2017)046",
    journal = "JHEP",
    volume = "12",
    pages = "046",
    year = "2017"
}

@article{Manohar:2016nzj,
    author = "Manohar, Aneesh and Nason, Paolo and Salam, Gavin P. and Zanderighi, Giulia",
    title = "{How bright is the proton? A precise determination of the photon parton distribution function}",
    eprint = "1607.04266",
    archivePrefix = "arXiv",
    primaryClass = "hep-ph",
    reportNumber = "CERN-TH-2016-155",
    doi = "10.1103/PhysRevLett.117.242002",
    journal = "Phys. Rev. Lett.",
    volume = "117",
    number = "24",
    pages = "242002",
    year = "2016"
}

@article{Ciafaloni:2005fm,
    author = "Ciafaloni, Paolo and Comelli, Denis",
    title = "{Electroweak evolution equations}",
    eprint = "hep-ph/0505047",
    archivePrefix = "arXiv",
    doi = "10.1088/1126-6708/2005/11/022",
    journal = "JHEP",
    volume = "11",
    pages = "022",
    year = "2005"
}

@article{Ciafaloni:2000df,
    author = "Ciafaloni, Marcello and Ciafaloni, Paolo and Comelli, Denis",
    title = "{Bloch-Nordsieck violating electroweak corrections to inclusive TeV scale hard processes}",
    eprint = "hep-ph/0001142",
    archivePrefix = "arXiv",
    doi = "10.1103/PhysRevLett.84.4810",
    journal = "Phys. Rev. Lett.",
    volume = "84",
    pages = "4810--4813",
    year = "2000"
}

@article{Martin:2004dh,
    author = "Martin, A. D. and Roberts, R. G. and Stirling, W. J. and Thorne, R. S.",
    title = "{Parton distributions incorporating QED contributions}",
    eprint = "hep-ph/0411040",
    archivePrefix = "arXiv",
    reportNumber = "IPPP-04-62, DCPT-04-124, CAVENDISH-HEP-2004-28",
    doi = "10.1140/epjc/s2004-02088-7",
    journal = "Eur. Phys. J. C",
    volume = "39",
    pages = "155--161",
    year = "2005"
}

@article{Tung:2006tb,
    author = "Tung, W. K. and Lai, H. L. and Belyaev, A. and Pumplin, J. and Stump, D. and Yuan, C. -P.",
    title = "{Heavy Quark Mass Effects in Deep Inelastic Scattering and Global QCD Analysis}",
    eprint = "hep-ph/0611254",
    archivePrefix = "arXiv",
    reportNumber = "MSU-HEP-0605",
    doi = "10.1088/1126-6708/2007/02/053",
    journal = "JHEP",
    volume = "02",
    pages = "053",
    year = "2007"
}

@article{Martin:2007bv,
    author = "Martin, A. D. and Stirling, W. J. and Thorne, R. S. and Watt, G.",
    title = "{Update of parton distributions at NNLO}",
    eprint = "0706.0459",
    archivePrefix = "arXiv",
    primaryClass = "hep-ph",
    reportNumber = "IPPP-07-23, DCPT-07-46",
    doi = "10.1016/j.physletb.2007.07.040",
    journal = "Phys. Lett. B",
    volume = "652",
    pages = "292--299",
    year = "2007"
}

@article{Corcella:2005us,
    author = "Corcella, Gennaro and Magnea, Lorenzo",
    title = "{Soft-gluon resummation effects on parton distributions}",
    eprint = "hep-ph/0506278",
    archivePrefix = "arXiv",
    reportNumber = "CERN-PH-TH-2005-090, DFTT-15-2005",
    doi = "10.1103/PhysRevD.72.074017",
    journal = "Phys. Rev. D",
    volume = "72",
    pages = "074017",
    year = "2005"
}

@article{Gjestvang:2023zdg,
    author = "Gjestvang, D. and others",
    title = "{Examination of how properties of a fissioning system impact isomeric yield ratios of the fragments}",
    doi = "10.1103/PhysRevC.108.064602",
    journal = "Phys. Rev. C",
    volume = "108",
    number = "6",
    pages = "064602",
    year = "2023"
}

@article{Wu:2023lcz,
    author = "Wu, Yan-Ling and Liu, Li-Shuang and Sui, Lin-Hong and Wang, Yu-Feng and Li, Xi-Bin and Bai, Narsu",
    title = "{Equilibrium thermodynamics of axion inflation}",
    doi = "10.1103/PhysRevD.108.123502",
    journal = "Phys. Rev. D",
    volume = "108",
    number = "12",
    pages = "123502",
    year = "2023"
}

@inproceedings{Hoid:2023has,
    author = "Hoid, Bai-Long and Hoferichter, Martin and de Elvira, Jacobo Ruiz",
    title = "{Comparing phenomenological estimates of dilepton decays of pseudoscalar mesons with lattice QCD}",
    eprint = "2312.00520",
    archivePrefix = "arXiv",
    primaryClass = "hep-lat",
    month = "12",
    year = "2023"
}

@article{Kac:2023isc,
    author = "Kac, Victor and Van de Leur, Johan",
    title = "{Polynomial tau-functions of the n-th Sawada-Kotera hierarchy}",
    eprint = "2312.00602",
    archivePrefix = "arXiv",
    primaryClass = "nlin.SI",
    month = "12",
    year = "2023"
}

@inproceedings{Sengor:2023buj,
    author = {\c{S}eng\"or, Gizem},
    title = "{Searching for discrete series representations at the late-time boundary of de Sitter}",
    eprint = "2312.00363",
    archivePrefix = "arXiv",
    primaryClass = "hep-th",
    month = "12",
    year = "2023"
}

@article{AlvesBatista:2023jlz,
    author = "Alves Batista, R. and others",
    title = "{White Paper and Roadmap for Quantum Gravity Phenomenology in the Multi-Messenger Era}",
    eprint = "2312.00409",
    archivePrefix = "arXiv",
    primaryClass = "gr-qc",
    month = "12",
    year = "2023"
}

@article{LiteBIRD:2023zmo,
    author = "Campeti, P. and others",
    collaboration = "LiteBIRD",
    title = "{LiteBIRD Science Goals and Forecasts. A Case Study of the Origin of Primordial Gravitational Waves using Large-Scale CMB Polarization}",
    eprint = "2312.00717",
    archivePrefix = "arXiv",
    primaryClass = "astro-ph.CO",
    month = "12",
    year = "2023"
}

@article{Vincent:2023ero,
    author = "Vincent, Andrew and De Silva, Theja N.",
    title = "{Two band atomic superfluidity in the presence of orbital Feshbach resonance}",
    eprint = "2312.00749",
    archivePrefix = "arXiv",
    primaryClass = "cond-mat.quant-gas",
    month = "12",
    year = "2023"
}

@article{Euclid:2023tog,
    author = "Pezzotta, A. and others",
    collaboration = "Euclid, NOVA optical infrared instrumentation group at ASTRON, Oude Hoogeveensedijk 4, 7991PD, Dwingeloo, The Netherlands, Astrophysics Group, Blackett Laboratory, Imperial College London, London SW7 2AZ, UK",
    title = "{Euclid preparation. TBD. Galaxy power spectrum modelling in real space}",
    eprint = "2312.00679",
    archivePrefix = "arXiv",
    primaryClass = "astro-ph.CO",
    month = "12",
    year = "2023"
}

@article{ATLAS:2023sua,
    author = "Aad, Georges and others",
    collaboration = "ATLAS",
    title = "{Measurement and interpretation of same-sign $W$ boson pair production in association with two jets in $pp$ collisions at $\sqrt{s} = 13$ TeV with the ATLAS detector}",
    eprint = "2312.00420",
    archivePrefix = "arXiv",
    primaryClass = "hep-ex",
    reportNumber = "CERN-EP-2023-221",
    month = "12",
    year = "2023"
}

@article{DarkSide-50:2023nes,
    author = "Agnes, P. and others",
    collaboration = "DarkSide-50",
    title = "{Long-term temporal stability of the DarkSide-50 dark matter detector}",
    eprint = "2311.18647",
    archivePrefix = "arXiv",
    primaryClass = "hep-ex",
    month = "11",
    year = "2023"
}

@article{Frey:2023qdv,
    author = "Frey, Andrew R. and Grehan, Michael P. and Singh, Prakriti",
    title = "{Holographic complexity of the Klebanov-Strassler background}",
    eprint = "2311.18804",
    archivePrefix = "arXiv",
    primaryClass = "hep-th",
    month = "11",
    year = "2023"
}

@article{Bai:2023bbg,
    author = "Bai, Yang and de Lima, Carlos Henrique",
    title = "{Electrobaryonic axion: hair of neutron stars}",
    eprint = "2311.18794",
    archivePrefix = "arXiv",
    primaryClass = "hep-ph",
    month = "11",
    year = "2023"
}

@article{DeLaurentis:2023izi,
    author = "De Laurentis, Giuseppe and Ita, Harald and Sotnikov, Vasily",
    title = "{Double-Virtual NNLO QCD Corrections for Five-Parton Scattering: The Quark Channels}",
    eprint = "2311.18752",
    archivePrefix = "arXiv",
    primaryClass = "hep-ph",
    reportNumber = "ZU-TH 78/23",
    month = "11",
    year = "2023"
}

@article{Mornhinweg:2023myv,
    author = "Mornhinweg, Joshua and Diebel, Laura and Halbhuber, Maike and Riepl, Josef and Cortese, Erika and De Liberato, Simone and Bougeard, Dominique and Huber, Rupert and Lange, Christoph",
    title = "{Sculpting ultrastrong light-matter coupling through spatial matter structuring}",
    eprint = "2311.18278",
    archivePrefix = "arXiv",
    primaryClass = "quant-ph",
    month = "11",
    year = "2023"
}

@article{Blanco-Pillado:2023hog,
    author = "Blanco-Pillado, J. J. and Espinosa, J. R. and Huertas, J. and Sousa, K.",
    title = "{Tunneling Potentials to Nothing}",
    eprint = "2311.18821",
    archivePrefix = "arXiv",
    primaryClass = "hep-th",
    month = "11",
    year = "2023"
}

@article{ATLAS:2023cjw,
    author = "Aad, Georges and others",
    collaboration = "ATLAS",
    title = "{Search for light long-lived neutral particles from Higgs boson decays via vector-boson-fusion production from $pp$ collisions at $\sqrt{s}=13$ TeV with the ATLAS detector}",
    eprint = "2311.18298",
    archivePrefix = "arXiv",
    primaryClass = "hep-ex",
    reportNumber = "CERN-EP-2023-226",
    month = "11",
    year = "2023"
}

@article{Andrade:2023wux,
    author = "Andrade, J. and Ortega, K. Yanza and Kl\'\i{}nger, W. N. Ram\'\i{}rez and Copa, R. C. Guadalupe and Medina, S. S. Chicaiza and Cruz, J. D.",
    title = "{Anisotropic extension of Kohler\textendash{}Chao\textendash{}Tikekar solution by minimal geometric deformation}",
    doi = "10.1140/epjc/s10052-023-12256-6",
    journal = "Eur. Phys. J. C",
    volume = "83",
    number = "11",
    pages = "1085",
    year = "2023"
}

@article{Waseem:2023ejh,
    author = "Waseem, Arfa and Javed, Faisal and Gul, M. Zeeshan and Mustafa, G. and Errehymy, Abdelghani",
    title = "{Impact of quintessence and cloud of strings on self-consistent d-dimensional charged thin-shell wormholes}",
    doi = "10.1140/epjc/s10052-023-12239-7",
    journal = "Eur. Phys. J. C",
    volume = "83",
    number = "11",
    pages = "1088",
    year = "2023"
}

@article{Piccirilli:2023pgi,
    author = "Piccirilli, Mar\'\i{}a P\'\i{}a and Le\'on, Gabriel",
    title = "{Observational constraints on the second-order primordial power spectrum: Exploring a Continuous Spontaneous Localization inspired inflationary model}",
    doi = "10.1016/j.dark.2023.101390",
    journal = "Phys. Dark Univ.",
    volume = "43",
    pages = "101390",
    year = "2024"
}

@article{Blanco-Pillado:2023aom,
    author = "Blanco-Pillado, J. J. and Espinosa, J. R. and Huertas, J. and Sousa, K.",
    title = "{Bubbles of Nothing: The Tunneling Potential Approach}",
    eprint = "2312.00133",
    archivePrefix = "arXiv",
    primaryClass = "hep-th",
    month = "11",
    year = "2023"
}

@article{Lee:2023iil,
    author = "Lee, Ji Hoon",
    title = "{Trace relations and open string vacua}",
    eprint = "2312.00242",
    archivePrefix = "arXiv",
    primaryClass = "hep-th",
    month = "11",
    year = "2023"
}

@article{Deshpande:2023zpi,
    author = "Deshpande, Abhishek and Voirin, Erik",
    title = "{Flow Induced Corrosion in 6061-T6 Aluminum Pipes in De-Ionized Water Environments}",
    eprint = "2311.17832",
    archivePrefix = "arXiv",
    primaryClass = "physics.acc-ph",
    reportNumber = "FERMILAB-PUB-23-289-AD-PPD, FERMILAB-PUB-23-289-AD-PPD",
    month = "11",
    year = "2023"
}

@article{Esposito:2023dgm,
    author = "Esposito, Fabrizio and Carloni, Sante and Vignolo, Stefano",
    title = "{Static and LRS spacetimes of type II in $f(\mathcal{Q})$ gravity}",
    eprint = "2311.17669",
    archivePrefix = "arXiv",
    primaryClass = "gr-qc",
    month = "11",
    year = "2023"
}

@article{Trugenberger:2023bsv,
    author = "Trugenberger, Carlo A.",
    title = "{Combinatorial quantum gravity and emergent 3D quantum behaviour}",
    eprint = "2311.17526",
    archivePrefix = "arXiv",
    primaryClass = "hep-th",
    journal = "Universe",
    volume = "9",
    pages = "499",
    year = "2023"
}

@article{Bethke:2006ac,
    author = "Bethke, Siegfried",
    title = "{Experimental tests of asymptotic freedom}",
    eprint = "hep-ex/0606035",
    archivePrefix = "arXiv",
    reportNumber = "MPE-2006-54",
    doi = "10.1016/j.ppnp.2006.06.001",
    journal = "Prog. Part. Nucl. Phys.",
    volume = "58",
    pages = "351--386",
    year = "2007"
}

@article{White:2005wm,
    author = "White, C. D. and Thorne, R. S.",
    title = "{Comparison of NNLO DIS scheme splitting functions with results from exact gluon kinematics at small x}",
    eprint = "hep-ph/0507244",
    archivePrefix = "arXiv",
    reportNumber = "CAVENDISH-HEP-2005-13",
    doi = "10.1140/epjc/s2005-02427-2",
    journal = "Eur. Phys. J. C",
    volume = "45",
    pages = "179--192",
    year = "2006"
}

@article{vanNeerven:2000uj,
    author = "van Neerven, W. L. and Vogt, A.",
    title = "{NNLO evolution of deep inelastic structure functions: The Singlet case}",
    eprint = "hep-ph/0006154",
    archivePrefix = "arXiv",
    reportNumber = "INLO-PUB-04-00",
    doi = "10.1016/S0550-3213(00)00480-6",
    journal = "Nucl. Phys. B",
    volume = "588",
    pages = "345--373",
    year = "2000"
}

@article{vanNeerven:1999ca,
    author = "van Neerven, W. L. and Vogt, A.",
    title = "{NNLO evolution of deep inelastic structure functions: The Nonsinglet case}",
    eprint = "hep-ph/9907472",
    archivePrefix = "arXiv",
    reportNumber = "INLO-PUB-14-99",
    doi = "10.1016/S0550-3213(99)00668-9",
    journal = "Nucl. Phys. B",
    volume = "568",
    pages = "263--286",
    year = "2000"
}

@inproceedings{Sherstnev:2008dm,
    author = "Sherstnev, A. and Thorne, R. S.",
    title = "{Different PDF approximations useful for LO Monte Carlo generators}",
    booktitle = "{16th International Workshop on Deep Inelastic Scattering and Related Subjects}",
    eprint = "0807.2132",
    archivePrefix = "arXiv",
    primaryClass = "hep-ph",
    doi = "10.3360/dis.2008.149",
    pages = "149",
    month = "7",
    year = "2008"
}

@article{Chetyrkin:1997sg,
    author = "Chetyrkin, K. G. and Kniehl, Bernd A. and Steinhauser, M.",
    title = "{Strong coupling constant with flavor thresholds at four loops in the MS scheme}",
    eprint = "hep-ph/9706430",
    archivePrefix = "arXiv",
    reportNumber = "MPI-PHT-97-025",
    doi = "10.1103/PhysRevLett.79.2184",
    journal = "Phys. Rev. Lett.",
    volume = "79",
    pages = "2184--2187",
    year = "1997"
}

@article{Beccaria:2007bb,
    author = "Beccaria, M. and Dokshitzer, Yu. L. and Marchesini, G.",
    title = "{Twist 3 of the sl(2) sector of N=4 SYM and reciprocity respecting evolution}",
    eprint = "0705.2639",
    archivePrefix = "arXiv",
    primaryClass = "hep-th",
    doi = "10.1016/j.physletb.2007.07.016",
    journal = "Phys. Lett. B",
    volume = "652",
    pages = "194--202",
    year = "2007"
}

@article{Dokshitzer:2006nm,
    author = "Dokshitzer, Yu. L. and Marchesini, G.",
    title = "{N=4 SUSY Yang-Mills: three loops made simple(r)}",
    eprint = "hep-th/0612248",
    archivePrefix = "arXiv",
    reportNumber = "BICOCCA-FT-06-20",
    doi = "10.1016/j.physletb.2007.01.016",
    journal = "Phys. Lett. B",
    volume = "646",
    pages = "189--201",
    year = "2007"
}

@article{Basso:2006nk,
    author = "Basso, B. and Korchemsky, G. P.",
    title = "{Anomalous dimensions of high-spin operators beyond the leading order}",
    eprint = "hep-th/0612247",
    archivePrefix = "arXiv",
    reportNumber = "LPT-ORSAY-06-99",
    doi = "10.1016/j.nuclphysb.2007.03.044",
    journal = "Nucl. Phys. B",
    volume = "775",
    pages = "1--30",
    year = "2007"
}

@article{Mitov:2006ic,
    author = "Mitov, A. and Moch, S. and Vogt, A.",
    title = "{Next-to-Next-to-Leading Order Evolution of Non-Singlet Fragmentation Functions}",
    eprint = "hep-ph/0604053",
    archivePrefix = "arXiv",
    reportNumber = "DESY-06-036, DCPT-06-40, IPPP-06-20",
    doi = "10.1016/j.physletb.2006.05.005",
    journal = "Phys. Lett. B",
    volume = "638",
    pages = "61--67",
    year = "2006"
}

@article{Dokshitzer:2005bf,
    author = "Dokshitzer, Yu. L. and Marchesini, G. and Salam, G. P.",
    title = "{Revisiting parton evolution and the large-x limit}",
    eprint = "hep-ph/0511302",
    archivePrefix = "arXiv",
    reportNumber = "BICOCCA-FT-05-31, LPTHE-05-31",
    doi = "10.1016/j.physletb.2006.02.023",
    journal = "Phys. Lett. B",
    volume = "634",
    pages = "504--507",
    year = "2006"
}

@article{Stratmann:1996hn,
    author = "Stratmann, M. and Vogelsang, W.",
    title = "{Next-to-leading order evolution of polarized and unpolarized fragmentation functions}",
    eprint = "hep-ph/9612250",
    archivePrefix = "arXiv",
    reportNumber = "DO-TH-96-23, RAL-TR-96-097",
    doi = "10.1016/S0550-3213(97)00182-X",
    journal = "Nucl. Phys. B",
    volume = "496",
    pages = "41--65",
    year = "1997"
}

@article{Vogelsang:1996im,
    author = "Vogelsang, W.",
    title = "{The Spin dependent two loop splitting functions}",
    eprint = "hep-ph/9603366",
    archivePrefix = "arXiv",
    reportNumber = "RAL-TR-96-020",
    doi = "10.1016/0550-3213(96)00306-9",
    journal = "Nucl. Phys. B",
    volume = "475",
    pages = "47--72",
    year = "1996"
}

@article{Mertig:1995ny,
    author = "Mertig, R. and van Neerven, W. L.",
    title = "{The Calculation of the two loop spin splitting functions P(ij)(1)(x)}",
    eprint = "hep-ph/9506451",
    archivePrefix = "arXiv",
    reportNumber = "INLO-PUB-6-95, NIKHEF-H-95-031",
    doi = "10.1007/s002880050138",
    journal = "Z. Phys. C",
    volume = "70",
    pages = "637--654",
    year = "1996"
}

@article{Banfi:2007gu,
    author = "Banfi, Andrea and Salam, Gavin P. and Zanderighi, Giulia",
    title = "{Accurate QCD predictions for heavy-quark jets at the Tevatron and LHC}",
    eprint = "0704.2999",
    archivePrefix = "arXiv",
    primaryClass = "hep-ph",
    reportNumber = "BICOCCA-FT-07-5, CERN-PH-TH-07-067",
    doi = "10.1088/1126-6708/2007/07/026",
    journal = "JHEP",
    volume = "07",
    pages = "026",
    year = "2007"
}

@article{Ciafaloni:2003rd,
    author = "Ciafaloni, M. and Colferai, D. and Salam, G. P. and Stasto, A. M.",
    title = "{Renormalization group improved small x Green's function}",
    eprint = "hep-ph/0307188",
    archivePrefix = "arXiv",
    reportNumber = "DESY-03-060, DFF-404-05-03, LPTHE-03-20",
    doi = "10.1103/PhysRevD.68.114003",
    journal = "Phys. Rev. D",
    volume = "68",
    pages = "114003",
    year = "2003"
}

@article{Banfi:2004nk,
    author = "Banfi, Andrea and Salam, Gavin P. and Zanderighi, Giulia",
    title = "{Resummed event shapes at hadron - hadron colliders}",
    eprint = "hep-ph/0407287",
    archivePrefix = "arXiv",
    reportNumber = "FERMILAB-PUB-04-117-T, LPTHE-04-18, NIKHEF-2004-006",
    doi = "10.1088/1126-6708/2004/08/062",
    journal = "JHEP",
    volume = "08",
    pages = "062",
    year = "2004"
}

@article{Dasgupta:2002dc,
    author = "Dasgupta, Mrinal and Salam, Gavin P.",
    title = "{Resummed event shape variables in DIS}",
    eprint = "hep-ph/0208073",
    archivePrefix = "arXiv",
    reportNumber = "DESY-02-104, LPTHE-02-040",
    doi = "10.1088/1126-6708/2002/08/032",
    journal = "JHEP",
    volume = "08",
    pages = "032",
    year = "2002"
}

@article{Ratcliffe:2000kp,
    author = "Ratcliffe, Philip G.",
    title = "{A matrix approach to numerical solution of the DGLAP evolution equations}",
    eprint = "hep-ph/0012376",
    archivePrefix = "arXiv",
    doi = "10.1103/PhysRevD.63.116004",
    journal = "Phys. Rev. D",
    volume = "63",
    pages = "116004",
    year = "2001"
}

@article{Kosower:1997hg,
    author = "Kosower, David A.",
    title = "{Evolution of parton distributions}",
    eprint = "hep-ph/9706213",
    archivePrefix = "arXiv",
    reportNumber = "SACLAY-SPH-T-97-43, SACLAY-SPHT-T97-43",
    doi = "10.1016/S0550-3213(97)00526-9",
    journal = "Nucl. Phys. B",
    volume = "506",
    pages = "439--467",
    year = "1997"
}

@article{Cafarella:2005zj,
    author = "Cafarella, Alessandro and Coriano, Claudio and Guzzi, Marco",
    title = "{Nnlo logarithmic expansions and exact solutions of the DGLAP equations from x-space: New algorithms for precision studies at the lhc}",
    eprint = "hep-ph/0512358",
    archivePrefix = "arXiv",
    reportNumber = "LTH-679",
    doi = "10.1016/j.nuclphysb.2006.05.010",
    journal = "Nucl. Phys. B",
    volume = "748",
    pages = "253--308",
    year = "2006"
}

@article{Ball:2013hta,
    author = "Ball, Richard D. and Bertone, Valerio and Carrazza, Stefano and Del Debbio, Luigi and Forte, Stefano and Guffanti, Alberto and Hartland, Nathan P. and Rojo, Juan",
    collaboration = "NNPDF",
    title = "{Parton distributions with QED corrections}",
    eprint = "1308.0598",
    archivePrefix = "arXiv",
    primaryClass = "hep-ph",
    reportNumber = "EDINBURGH-2013-20, FR-PHENO-2013-008, CERN-PH-TH-2013-075, Edinburgh 2013/20, IFUM-1014-FT, FR-PHENO-2013-008,
  CERN-PH-TH/2013-075",
    doi = "10.1016/j.nuclphysb.2013.10.010",
    journal = "Nucl. Phys. B",
    volume = "877",
    pages = "290--320",
    year = "2013"
}

@article{Roth:2004ti,
    author = "Roth, Markus and Weinzierl, Stefan",
    title = "{QED corrections to the evolution of parton distributions}",
    eprint = "hep-ph/0403200",
    archivePrefix = "arXiv",
    reportNumber = "MPP-2004-32",
    doi = "10.1016/j.physletb.2004.04.009",
    journal = "Phys. Lett. B",
    volume = "590",
    pages = "190--198",
    year = "2004"
}

@article{Weinzierl:2002mv,
    author = "Weinzierl, Stefan",
    title = "{Fast evolution of parton distributions}",
    eprint = "hep-ph/0203112",
    archivePrefix = "arXiv",
    reportNumber = "UPRF-2002-03",
    doi = "10.1016/S0010-4655(02)00584-2",
    journal = "Comput. Phys. Commun.",
    volume = "148",
    pages = "314--326",
    year = "2002"
}

@article{Pascaud:2001bi,
    author = "Pascaud, C. and Zomer, F.",
    title = "{A Fast and precise method to solve the Altarelli-Parisi equations in x space}",
    eprint = "hep-ph/0104013",
    archivePrefix = "arXiv",
    month = "4",
    year = "2001"
}

@article{Schoeffel:1998tz,
    author = "Schoeffel, Laurent",
    title = "{An Elegant and fast method to solve QCD evolution equations, application to the determination of the gluon content of the pomeron}",
    reportNumber = "DAPNIA-SPP-98-21",
    doi = "10.1016/S0168-9002(98)01316-3",
    journal = "Nucl. Instrum. Meth. A",
    volume = "423",
    pages = "439--445",
    year = "1999"
}


@article{FortranPolyLog,
    author = "Gehrmann, T. and Remiddi, E.",
    title = "{Numerical evaluation of harmonic polylogarithms}",
    eprint = "hep-ph/0107173",
    archivePrefix = "arXiv",
    reportNumber = "CERN-TH-2001-188",
    doi = "10.1016/S0010-4655(01)00411-8",
    journal = "Comput. Phys. Commun.",
    volume = "141",
    pages = "296--312",
    year = "2001"
}

@unpublished{BertoneKarlberg,
    author = "Bertone, Valerio and Karlberg, Alexander",
    title = "{Benchmark of deep-inelastic-scattering structure functions at $\mathcal{O}(\alpha_\mathrm{s}^3)$}",
    note = "To appear",
    year = ""
}

@article{BlumleinCode,
    author = {Ablinger, J. and Behring, A. and Bl{\"u}mlein, J. and De Freitas, A. and von Manteuffel, A. and Schneider, C. and Sch{\"o}nwald, K.},
    title = "{The Single-Mass Variable Flavor Number Scheme at Three-Loop Order}",
    eprint = "2510.02175",
    archivePrefix = "arXiv",
    primaryClass = "hep-ph",
    reportNumber = "DESY 24--037, ZU-TH 58/25, RISC Report series 25-04, MPP-2025-189",
    month = "10",
    year = "2025"
}

@article{deFlorian:2007hc,
    author = "de Florian, Daniel and Sassot, Rodolfo and Stratmann, Marco",
    title = "{Global analysis of fragmentation functions for protons and charged hadrons}",
    eprint = "0707.1506",
    archivePrefix = "arXiv",
    primaryClass = "hep-ph",
    doi = "10.1103/PhysRevD.76.074033",
    journal = "Phys. Rev. D",
    volume = "76",
    pages = "074033",
    year = "2007"
}


@article{nnpdf,
    author = "Del Debbio, Luigi and Forte, Stefano and Latorre, Jose I. and Piccione, Andrea and Rojo, Joan",
    collaboration = "NNPDF",
    title = "{Neural network determination of parton distributions: The Nonsinglet case}",
    eprint = "hep-ph/0701127",
    archivePrefix = "arXiv",
    reportNumber = "UB-ECM-PF-06-17, IFUM-882-FT, GEF-TH-01-2007",
    doi = "10.1088/1126-6708/2007/03/039",
    journal = "JHEP",
    volume = "03",
    pages = "039",
    year = "2007"
}


@mastersthesis{GuzziThesis,
    author = "Guzzi, Marco",
    title = "{QCD Studies at Hadron Colliders and in Deeply Virtual Neutrino Scattering}",
    eprint = "hep-ph/0612355",
    archivePrefix = "arXiv",
    type = "Other thesis",
    month = "12",
    year = "2006"
}


@article{Pegasus,
    author = "Vogt, A.",
    title = "{Efficient evolution of unpolarized and polarized parton distributions with QCD-PEGASUS}",
    eprint = "hep-ph/0408244",
    archivePrefix = "arXiv",
    reportNumber = "NIKHEF-04-011",
    doi = "10.1016/j.cpc.2005.03.103",
    journal = "Comput. Phys. Commun.",
    volume = "170",
    pages = "65--92",
    year = "2005"
}

@article{caesar,
    author = "Banfi, Andrea and Salam, Gavin P. and Zanderighi, Giulia",
    title = "{Principles of general final-state resummation and automated implementation}",
    eprint = "hep-ph/0407286",
    archivePrefix = "arXiv",
    reportNumber = "FERMILAB-PUB-04-116-T, LPTHE-04-16, NIKHEF-2004-005",
    doi = "10.1088/1126-6708/2005/03/073",
    journal = "JHEP",
    volume = "03",
    pages = "073",
    year = "2005"
}

@article{Botje,
    author = "Botje, M.",
    title = "{QCDNUM: Fast QCD Evolution and Convolution}",
    eprint = "1005.1481",
    archivePrefix = "arXiv",
    primaryClass = "hep-ph",
    reportNumber = "NIKHEF-10-002",
    doi = "10.1016/j.cpc.2010.10.020",
    journal = "Comput. Phys. Commun.",
    volume = "182",
    pages = "490--532",
    year = "2011"
}


@article{CTEQ,
    author = "Pumplin, J. and Stump, D. R. and Huston, J. and Lai, H. L. and Nadolsky, Pavel M. and Tung, W. K.",
    title = "{New generation of parton distributions with uncertainties from global QCD analysis}",
    eprint = "hep-ph/0201195",
    archivePrefix = "arXiv",
    reportNumber = "MSU-HEP-011101",
    doi = "10.1088/1126-6708/2002/07/012",
    journal = "JHEP",
    volume = "07",
    pages = "012",
    year = "2002"
}



@article{MRST,
    author = "Martin, A. D. and Roberts, R. G. and Stirling, W. J. and Thorne, R. S.",
    title = "{NNLO global parton analysis}",
    eprint = "hep-ph/0201127",
    archivePrefix = "arXiv",
    reportNumber = "IPPP-02-01, DCPT-02-02, CERN-TH-2001-362, CAVENDISH-HEP-2001-15",
    doi = "10.1016/S0370-2693(02)01483-1",
    journal = "Phys. Lett. B",
    volume = "531",
    pages = "216--224",
    year = "2002"
}


@book{F95Explained,
  title={Fortran 90/95 Explained},
  author={Michael Metcalf and Reid, J.K.},
  isbn={9780198518884},
  series={Oxford science publications},
  url={https://books.google.ch/books?id=vDCqQgAACAAJ},
  year={1996},
  publisher={Oxford University Press}
}


@misc{F95WebResources,
  title = {Many introductions and tutorials about
  fortran~90 may be found at},
  howpublished = {\url{http://dmoz.org/Computers/Programming/Languages/Fortran/Tutorials/Fortran_90_and_95/}}   
  
}


@article{NNLO-singlet,
    author = "Vogt, A. and Moch, S. and Vermaseren, J. A. M.",
    title = "{The Three-loop splitting functions in QCD: The Singlet case}",
    eprint = "hep-ph/0404111",
    archivePrefix = "arXiv",
    reportNumber = "NIKHEF-04-004, DESY-04-060, SFB-CPP-04-12",
    doi = "10.1016/j.nuclphysb.2004.04.024",
    journal = "Nucl. Phys. B",
    volume = "691",
    pages = "129--181",
    year = "2004"
}

@article{NNLO-NS,
    author = "Moch, S. and Vermaseren, J. A. M. and Vogt, A.",
    title = "{The Three loop splitting functions in QCD: The Nonsinglet case}",
    eprint = "hep-ph/0403192",
    archivePrefix = "arXiv",
    reportNumber = "DESY-04-047, SFB-CPP-04-09, NIKHEF-04-001",
    doi = "10.1016/j.nuclphysb.2004.03.030",
    journal = "Nucl. Phys. B",
    volume = "688",
    pages = "101--134",
    year = "2004"
}

@article{NNLO-MTM,
    author = "Buza, M. and Matiounine, Y. and Smith, J. and Migneron, R. and van Neerven, W. L.",
    title = "{Heavy quark coefficient functions at asymptotic values $Q^2 \gg m^2$}",
    eprint = "hep-ph/9601302",
    archivePrefix = "arXiv",
    reportNumber = "NIKHEF-95-070, ITP-SB-95-59, INLO-PUB-22-95",
    doi = "10.1016/0550-3213(96)00228-3",
    journal = "Nucl. Phys. B",
    volume = "472",
    pages = "611--658",
    year = "1996"
}


@book{NRf90,
  title={Numerical Recipes in Fortran 90},
  author={Press, W.H. and Teukolsky, S.A. and Vetterling, W.T. and Flannery, B.P. and Metcalf, M.},
  isbn={9780521574396},
  url={https://books.google.ch/books?id=lyE6tgEACAAJ},
  year={1996},
  publisher={Cambridge University Press}
}

@misc{VogtMTMParam,
  title = {A.~Vogt, private communication.}
}

@article{Cafarella:2003jr,
    author = "Cafarella, Alessandro and Coriano, Claudio",
    title = "{Direct solution of renormalization group equations of QCD in x space: NLO implementations at leading twist}",
    eprint = "hep-ph/0311313",
    archivePrefix = "arXiv",
    doi = "10.1016/j.cpc.2004.03.006",
    journal = "Comput. Phys. Commun.",
    volume = "160",
    pages = "213--242",
    year = "2004"
}


@article{Cafarella:2008du,
    author = "Cafarella, Alessandro and Coriano, Claudio and Guzzi, Marco",
    title = "{Precision Studies of the NNLO DGLAP Evolution at the LHC with CANDIA}",
    eprint = "0803.0462",
    archivePrefix = "arXiv",
    primaryClass = "hep-ph",
    doi = "10.1016/j.cpc.2008.06.004",
    journal = "Comput. Phys. Commun.",
    volume = "179",
    pages = "665--684",
    year = "2008"
}

@article{Dasgupta:2001eq,
    author = "Dasgupta, M. and Salam, G. P.",
    title = "{Resummation of the jet broadening in DIS}",
    eprint = "hep-ph/0110213",
    archivePrefix = "arXiv",
    reportNumber = "DESY-01-160, CERN-TH-2001-261, LPTHE-01-43",
    doi = "10.1007/s100520200915",
    journal = "Eur. Phys. J. C",
    volume = "24",
    pages = "213--236",
    year = "2002"
}




@article{Gribov:1972ri,
    author = "Gribov, V. N. and Lipatov, L. N.",
    title = "{Deep inelastic e p scattering in perturbation theory}",
    reportNumber = "IPTI-381-71",
    journal = "Sov. J. Nucl. Phys.",
    volume = "15",
    pages = "438--450",
    year = "1972"
}

@article{Altarelli:1977zs,
    author = "Altarelli, Guido and Parisi, G.",
    title = "{Asymptotic Freedom in Parton Language}",
    reportNumber = "LPTENS-77-6",
    doi = "10.1016/0550-3213(77)90384-4",
    journal = "Nucl. Phys. B",
    volume = "126",
    pages = "298--318",
    year = "1977"
}

@article{Dokshitzer:1977sg,
    author = "Dokshitzer, Yuri L.",
    title = "{Calculation of the Structure Functions for Deep Inelastic Scattering and e+ e- Annihilation by Perturbation Theory in Quantum Chromodynamics.}",
    journal = "Sov. Phys. JETP",
    volume = "46",
    pages = "641--653",
    year = "1977"
}



@inproceedings{Carli:2005ji,
    author = "Carli, Tancredi and Salam, Gavin P. and Siegert, Frank",
    title = "{A Posteriori inclusion of PDFs in NLO QCD final-state calculations}",
    booktitle = "{HERA and the LHC: A Workshop on the Implications of HERA for LHC Physics (Startup Meeting, CERN, 26-27 March 2004; Working Group Meeting, CERN, 17-21 January 2005; Final Meeting 21-24 Mar 2005)}",
    eprint = "hep-ph/0510324",
    archivePrefix = "arXiv",
    month = "10",
    year = "2005"
}


@article{Carli:2010rw,
    author = "Carli, Tancredi and Clements, Dan and Cooper-Sarkar, Amanda and Gwenlan, Claire and Salam, Gavin P. and Siegert, Frank and Starovoitov, Pavel and Sutton, Mark",
    title = "{A posteriori inclusion of parton density functions in NLO QCD final-state calculations at hadron colliders: The APPLGRID Project}",
    eprint = "0911.2985",
    archivePrefix = "arXiv",
    primaryClass = "hep-ph",
    doi = "10.1140/epjc/s10052-010-1255-0",
    journal = "Eur. Phys. J. C",
    volume = "66",
    pages = "503--524",
    year = "2010"
}

@inproceedings{Giele:2002hx,
    author = "Giele, W. and others",
    title = "{The QCD / SM working group: Summary report}",
    booktitle = "{2nd Les Houches Workshop on Physics at TeV Colliders}",
    eprint = "hep-ph/0204316",
    archivePrefix = "arXiv",
    reportNumber = "FERMILAB-CONF-02-410",
    pages = "275--426",
    month = "4",
    year = "2002"
}

@article{Dittmar:2005ed,
    author = "Dittmar, M. and others",
    title = "{Working Group I: Parton distributions: Summary report for the HERA LHC Workshop Proceedings}",
    eprint = "hep-ph/0511119",
    archivePrefix = "arXiv",
    reportNumber = "FERMILAB-CONF-05-586-E, IFUM-853-FT",
    month = "11",
    year = "2005"
}

@article{Furmanski:1980cm,
    author = "Furmanski, W. and Petronzio, R.",
    title = "{Singlet Parton Densities Beyond Leading Order}",
    reportNumber = "CERN-TH-2933",
    doi = "10.1016/0370-2693(80)90636-X",
    journal = "Phys. Lett. B",
    volume = "97",
    pages = "437--442",
    year = "1980"
}

@article{Curci:1980uw,
    author = "Curci, G. and Furmanski, W. and Petronzio, R.",
    title = "{Evolution of Parton Densities Beyond Leading Order: The Nonsinglet Case}",
    reportNumber = "CERN-TH-2815",
    doi = "10.1016/0550-3213(80)90003-6",
    journal = "Nucl. Phys. B",
    volume = "175",
    pages = "27--92",
    year = "1980"
}

@article{Bertone:2017gds,
    author = "Bertone, Valerio",
    editor = "Klein, Uta",
    title = "{APFEL++: A new PDF evolution library in C++}",
    eprint = "1708.00911",
    archivePrefix = "arXiv",
    primaryClass = "hep-ph",
    doi = "10.22323/1.297.0201",
    journal = "PoS",
    volume = "DIS2017",
    pages = "201",
    year = "2018"
}

@phdthesis{Karlberg:2016zik,
    author = "Karlberg, Alexander",
    title = "{At the Frontier of Precision QCD in the LHC Era}",
    eprint = "1610.06226",
    archivePrefix = "arXiv",
    primaryClass = "hep-ph",
    school = "Merton Coll., Oxford",
    year = "2016"
}

@phdthesis{Dreyer:2016vbc,
    author = "Dreyer, Fr\'ed\'eric A.",
    title = "{Precision physics at the large hadron collider}",
    reportNumber = "tel-01407230, 2016PA066170",
    school = "Paris, LPTHE",
    month = "12",
    year = "2016"
}

@article{vanRitbergen:1997va,
    author = "van Ritbergen, T. and Vermaseren, J. A. M. and Larin, S. A.",
    title = "{The Four loop beta function in quantum chromodynamics}",
    eprint = "hep-ph/9701390",
    archivePrefix = "arXiv",
    reportNumber = "UM-TH-97-01, NIKHEF-97-001",
    doi = "10.1016/S0370-2693(97)00370-5",
    journal = "Phys. Lett. B",
    volume = "400",
    pages = "379--384",
    year = "1997"
}

@article{Czakon:2004bu,
    author = "Czakon, M.",
    title = "{The Four-loop QCD beta-function and anomalous dimensions}",
    eprint = "hep-ph/0411261",
    archivePrefix = "arXiv",
    reportNumber = "DESY-04-223, SFB-CPP-04-62",
    doi = "10.1016/j.nuclphysb.2005.01.012",
    journal = "Nucl. Phys. B",
    volume = "710",
    pages = "485--498",
    year = "2005"
}

@article{LHAPDF,
    author = {Buckley, Andy and Ferrando, James and Lloyd, Stephen and Nordstr\"om, Karl and Page, Ben and R\"ufenacht, Martin and Sch\"onherr, Marek and Watt, Graeme},
    title = "{LHAPDF6: parton density access in the LHC precision era}",
    eprint = "1412.7420",
    archivePrefix = "arXiv",
    primaryClass = "hep-ph",
    reportNumber = "GLAS-PPE-2014-05, MCNET-14-29, IPPP-14-111, DCPT-14-222",
    doi = "10.1140/epjc/s10052-015-3318-8",
    journal = "Eur. Phys. J. C",
    volume = "75",
    pages = "132",
    year = "2015"
}

@article{Bertone:2013vaa,
    author = "Bertone, Valerio and Carrazza, Stefano and Rojo, Juan",
    collaboration = "APFEL",
    title = "{APFEL: A PDF Evolution Library with QED corrections}",
    eprint = "1310.1394",
    archivePrefix = "arXiv",
    primaryClass = "hep-ph",
    reportNumber = "IFUM-1015-FT, CERN-PH-TH-2013-209",
    doi = "10.1016/j.cpc.2014.03.007",
    journal = "Comput. Phys. Commun.",
    volume = "185",
    pages = "1647--1668",
    year = "2014"
}





